
@online{noauthor_everyone_nodate,
	title = {Everyone gets bidirectional {BFS} wrong {\textbar} zdimension},
	url = {https://zdimension.fr/everyone-gets-bidirectional-bfs-wrong/},
	urldate = {2025-04-27},
}
