
@article{golin_dynamic_1998,
	title = {A dynamic programming algorithm for constructing optimal prefix-free codes with unequal letter costs},
	volume = {44},
	issn = {1557-9654},
	url = {https://ieeexplore.ieee.org/document/705558},
	doi = {10.1109/18.705558},
	abstract = {We consider the problem of constructing prefix-free codes of minimum cost when the encoding alphabet contains letters of unequal length. The complexity of this problem has been unclear for thirty years with the only algorithm known for its solution involving a transformation to integer linear programming. We introduce a new dynamic programming solution to the problem. It optimally encodes n words in O(n/sup C+2/) time, if the costs of the letters are integers between 1 and C. While still leaving open the question of whether the general problem is solvable in polynomial time, our algorithm seems to be the first one that runs in polynomial time for fixed letter costs.},
	pages = {1770--1781},
	number = {5},
	journaltitle = {{IEEE} Transactions on Information Theory},
	author = {Golin, M.J. and Rote, G.},
	urldate = {2025-01-15},
	date = {1998-09},
	note = {Conference Name: {IEEE} Transactions on Information Theory},
	keywords = {Automata, Automatic programming, Computer science, Cost function, Dynamic programming, Frequency, Heuristic algorithms, Integer linear programming, Polynomials, Radio access networks},
	file = {IEEE Xplore Abstract Record:/home/bergschaf/Zotero/storage/DVGVCS5A/705558.html:text/html},
}

@inreference{noauthor_huffman-kodierung_2025,
	title = {Huffman-Kodierung},
	rights = {Creative Commons Attribution-{ShareAlike} License},
	url = {https://de.wikipedia.org/w/index.php?title=Huffman-Kodierung&oldid=254369306},
	abstract = {Die Huffman-Kodierung ist eine Form der Entropiekodierung, die 1952 von David A. Huffman entwickelt und in der Abhandlung A Method for the Construction of Minimum-Redundancy Codes publiziert wurde. Sie ordnet einer festen Anzahl an Quellsymbolen jeweils Codewörter mit variabler Länge zu. In der Informationstechnik ist sie ein Präfixcode, der üblicherweise für verlustfreie Kompression benutzt wird. Wie bei anderen Entropiekodierungen werden häufiger vorkommende Zeichen mit weniger Bits repräsentiert als seltener vorkommende Zeichen.},
	booktitle = {Wikipedia},
	urldate = {2025-04-26},
	date = {2025-03-20},
	langid = {german},
	note = {Page Version {ID}: 254369306},
	file = {Snapshot:/home/bergschaf/Zotero/storage/ALCN8NZT/Huffman-Kodierung.html:text/html},
}
